@misc{graphconv,
      title={Semi-Supervised Classification with Graph Convolutional Networks}, 
      author={Thomas N. Kipf and Max Welling},
      year={2017},
      eprint={1609.02907},
      archivePrefix={arXiv},
      primaryClass={cs.LG}
}

@misc{graphsage,
      title={Inductive Representation Learning on Large Graphs}, 
      author={William L. Hamilton and Rex Ying and Jure Leskovec},
      year={2018},
      eprint={1706.02216},
      archivePrefix={arXiv},
      primaryClass={cs.SI}
}

@misc{gat,
      title={Graph Attention Networks}, 
      author={Petar Veličković and Guillem Cucurull and Arantxa Casanova and Adriana Romero and Pietro Liò and Yoshua Bengio},
      year={2018},
      eprint={1710.10903},
      archivePrefix={arXiv},
      primaryClass={stat.ML}
}

@misc{egnn,
      title={Exploiting Edge Features in Graph Neural Networks}, 
      author={Liyu Gong and Qiang Cheng},
      year={2019},
      eprint={1809.02709},
      archivePrefix={arXiv},
      primaryClass={cs.LG}
}

@misc{mutag,
  title  = {Benchmark Data Sets for Graph Kernels},
  author = {Kristian Kersting and Nils M. Kriege and Christopher Morris and Petra Mutzel and Marion Neumann},
  year   = {2016},
  url    = {http://graphkernels.cs.tu-dortmund.de}
}

@misc{adam,
      title={Adam: A Method for Stochastic Optimization}, 
      author={Diederik P. Kingma and Jimmy Ba},
      year={2017},
      eprint={1412.6980},
      archivePrefix={arXiv},
      primaryClass={cs.LG}
}
